[gd_scene load_steps=15 format=3 uid="uid://bq3gl875yc708"]

[ext_resource type="Script" path="res://Scripts/enemigo.gd" id="1_3iaab"]
[ext_resource type="Texture2D" uid="uid://d1fksl7wnpnkj" path="res://Sprites/enemy/Idle.png" id="1_t3j1a"]
[ext_resource type="Texture2D" uid="uid://cfsj44whnu5y3" path="res://Sprites/enemy/Take Hit.png" id="3_lvmwc"]
[ext_resource type="Texture2D" uid="uid://cqan1k8ve5d62" path="res://Sprites/enemy/Death.png" id="4_lvbfy"]
[ext_resource type="Texture2D" uid="uid://6gvc6d4jm3hl" path="res://Sprites/enemy/Attack.png" id="5_7bxa4"]

[sub_resource type="RectangleShape2D" id="RectangleShape2D_k38k7"]
size = Vector2(20, 45)

[sub_resource type="Animation" id="Animation_uj8we"]
length = 0.001
tracks/0/type = "value"
tracks/0/imported = false
tracks/0/enabled = true
tracks/0/path = NodePath("Sprite2D:texture")
tracks/0/interp = 1
tracks/0/loop_wrap = true
tracks/0/keys = {
"times": PackedFloat32Array(0),
"transitions": PackedFloat32Array(1),
"update": 1,
"values": [ExtResource("1_t3j1a")]
}
tracks/1/type = "value"
tracks/1/imported = false
tracks/1/enabled = true
tracks/1/path = NodePath("Sprite2D:hframes")
tracks/1/interp = 1
tracks/1/loop_wrap = true
tracks/1/keys = {
"times": PackedFloat32Array(0),
"transitions": PackedFloat32Array(1),
"update": 1,
"values": [8]
}
tracks/2/type = "value"
tracks/2/imported = false
tracks/2/enabled = true
tracks/2/path = NodePath("Sprite2D:vframes")
tracks/2/interp = 1
tracks/2/loop_wrap = true
tracks/2/keys = {
"times": PackedFloat32Array(0),
"transitions": PackedFloat32Array(1),
"update": 1,
"values": [1]
}
tracks/3/type = "value"
tracks/3/imported = false
tracks/3/enabled = true
tracks/3/path = NodePath("Sprite2D:frame")
tracks/3/interp = 1
tracks/3/loop_wrap = true
tracks/3/keys = {
"times": PackedFloat32Array(0),
"transitions": PackedFloat32Array(1),
"update": 1,
"values": [1]
}
tracks/4/type = "value"
tracks/4/imported = false
tracks/4/enabled = true
tracks/4/path = NodePath("Area2D/CollisionShape2D:disabled")
tracks/4/interp = 1
tracks/4/loop_wrap = true
tracks/4/keys = {
"times": PackedFloat32Array(0),
"transitions": PackedFloat32Array(1),
"update": 1,
"values": [true]
}
tracks/5/type = "value"
tracks/5/imported = false
tracks/5/enabled = true
tracks/5/path = NodePath("Area_ataque/CollisionShape2D:disabled")
tracks/5/interp = 1
tracks/5/loop_wrap = true
tracks/5/keys = {
"times": PackedFloat32Array(0),
"transitions": PackedFloat32Array(1),
"update": 1,
"values": [false]
}

[sub_resource type="Animation" id="Animation_61jgp"]
resource_name = "attack"
length = 0.61
loop_mode = 1
tracks/0/type = "value"
tracks/0/imported = false
tracks/0/enabled = true
tracks/0/path = NodePath("Sprite2D:texture")
tracks/0/interp = 1
tracks/0/loop_wrap = true
tracks/0/keys = {
"times": PackedFloat32Array(0),
"transitions": PackedFloat32Array(1),
"update": 1,
"values": [ExtResource("5_7bxa4")]
}
tracks/1/type = "value"
tracks/1/imported = false
tracks/1/enabled = true
tracks/1/path = NodePath("Sprite2D:hframes")
tracks/1/interp = 1
tracks/1/loop_wrap = true
tracks/1/keys = {
"times": PackedFloat32Array(0),
"transitions": PackedFloat32Array(1),
"update": 1,
"values": [8]
}
tracks/2/type = "value"
tracks/2/imported = false
tracks/2/enabled = true
tracks/2/path = NodePath("Sprite2D:vframes")
tracks/2/interp = 1
tracks/2/loop_wrap = true
tracks/2/keys = {
"times": PackedFloat32Array(0),
"transitions": PackedFloat32Array(1),
"update": 1,
"values": [1]
}
tracks/3/type = "value"
tracks/3/imported = false
tracks/3/enabled = true
tracks/3/path = NodePath("Sprite2D:frame")
tracks/3/interp = 1
tracks/3/loop_wrap = true
tracks/3/keys = {
"times": PackedFloat32Array(0, 0.1, 0.2, 0.3, 0.4, 0.5, 0.6),
"transitions": PackedFloat32Array(1, 1, 1, 1, 1, 1, 1),
"update": 1,
"values": [0, 1, 2, 3, 4, 5, 6]
}
tracks/4/type = "value"
tracks/4/imported = false
tracks/4/enabled = true
tracks/4/path = NodePath("Area_ataque/CollisionShape2D:disabled")
tracks/4/interp = 1
tracks/4/loop_wrap = true
tracks/4/keys = {
"times": PackedFloat32Array(0, 0.05),
"transitions": PackedFloat32Array(1, 1),
"update": 1,
"values": [true, false]
}

[sub_resource type="Animation" id="Animation_nw5t2"]
resource_name = "death"
length = 0.35
tracks/0/type = "value"
tracks/0/imported = false
tracks/0/enabled = true
tracks/0/path = NodePath("Sprite2D:texture")
tracks/0/interp = 1
tracks/0/loop_wrap = true
tracks/0/keys = {
"times": PackedFloat32Array(0),
"transitions": PackedFloat32Array(1),
"update": 1,
"values": [ExtResource("4_lvbfy")]
}
tracks/1/type = "value"
tracks/1/imported = false
tracks/1/enabled = true
tracks/1/path = NodePath("Sprite2D:hframes")
tracks/1/interp = 1
tracks/1/loop_wrap = true
tracks/1/keys = {
"times": PackedFloat32Array(0),
"transitions": PackedFloat32Array(1),
"update": 1,
"values": [5]
}
tracks/2/type = "value"
tracks/2/imported = false
tracks/2/enabled = true
tracks/2/path = NodePath("Sprite2D:vframes")
tracks/2/interp = 1
tracks/2/loop_wrap = true
tracks/2/keys = {
"times": PackedFloat32Array(0),
"transitions": PackedFloat32Array(1),
"update": 1,
"values": [1]
}
tracks/3/type = "value"
tracks/3/imported = false
tracks/3/enabled = true
tracks/3/path = NodePath("Sprite2D:frame")
tracks/3/interp = 1
tracks/3/loop_wrap = true
tracks/3/keys = {
"times": PackedFloat32Array(0, 0.1, 0.2, 0.3),
"transitions": PackedFloat32Array(1, 1, 1, 1),
"update": 1,
"values": [0, 1, 2, 3]
}
tracks/4/type = "value"
tracks/4/imported = false
tracks/4/enabled = true
tracks/4/path = NodePath("Area2D/CollisionShape2D:disabled")
tracks/4/interp = 1
tracks/4/loop_wrap = true
tracks/4/keys = {
"times": PackedFloat32Array(0),
"transitions": PackedFloat32Array(1),
"update": 1,
"values": [true]
}

[sub_resource type="Animation" id="Animation_vqbhw"]
resource_name = "idle"
length = 0.51
loop_mode = 1
tracks/0/type = "value"
tracks/0/imported = false
tracks/0/enabled = true
tracks/0/path = NodePath("Sprite2D:texture")
tracks/0/interp = 1
tracks/0/loop_wrap = true
tracks/0/keys = {
"times": PackedFloat32Array(0),
"transitions": PackedFloat32Array(1),
"update": 1,
"values": [ExtResource("1_t3j1a")]
}
tracks/1/type = "value"
tracks/1/imported = false
tracks/1/enabled = true
tracks/1/path = NodePath("Sprite2D:hframes")
tracks/1/interp = 1
tracks/1/loop_wrap = true
tracks/1/keys = {
"times": PackedFloat32Array(0),
"transitions": PackedFloat32Array(1),
"update": 1,
"values": [8]
}
tracks/2/type = "value"
tracks/2/imported = false
tracks/2/enabled = true
tracks/2/path = NodePath("Sprite2D:vframes")
tracks/2/interp = 1
tracks/2/loop_wrap = true
tracks/2/keys = {
"times": PackedFloat32Array(0),
"transitions": PackedFloat32Array(1),
"update": 1,
"values": [1]
}
tracks/3/type = "value"
tracks/3/imported = false
tracks/3/enabled = true
tracks/3/path = NodePath("Sprite2D:frame")
tracks/3/interp = 1
tracks/3/loop_wrap = true
tracks/3/keys = {
"times": PackedFloat32Array(0, 0.1, 0.2, 0.3, 0.4, 0.5),
"transitions": PackedFloat32Array(1, 1, 1, 1, 1, 1),
"update": 1,
"values": [1, 2, 3, 4, 5, 6]
}
tracks/4/type = "value"
tracks/4/imported = false
tracks/4/enabled = true
tracks/4/path = NodePath("Area_ataque/CollisionShape2D:disabled")
tracks/4/interp = 1
tracks/4/loop_wrap = true
tracks/4/keys = {
"times": PackedFloat32Array(0),
"transitions": PackedFloat32Array(1),
"update": 1,
"values": [true]
}

[sub_resource type="Animation" id="Animation_hs3wn"]
resource_name = "take_hit"
length = 0.21
tracks/0/type = "value"
tracks/0/imported = false
tracks/0/enabled = true
tracks/0/path = NodePath("Sprite2D:texture")
tracks/0/interp = 1
tracks/0/loop_wrap = true
tracks/0/keys = {
"times": PackedFloat32Array(0),
"transitions": PackedFloat32Array(1),
"update": 1,
"values": [ExtResource("3_lvmwc")]
}
tracks/1/type = "value"
tracks/1/imported = false
tracks/1/enabled = true
tracks/1/path = NodePath("Sprite2D:hframes")
tracks/1/interp = 1
tracks/1/loop_wrap = true
tracks/1/keys = {
"times": PackedFloat32Array(0),
"transitions": PackedFloat32Array(1),
"update": 1,
"values": [4]
}
tracks/2/type = "value"
tracks/2/imported = false
tracks/2/enabled = true
tracks/2/path = NodePath("Sprite2D:vframes")
tracks/2/interp = 1
tracks/2/loop_wrap = true
tracks/2/keys = {
"times": PackedFloat32Array(0),
"transitions": PackedFloat32Array(1),
"update": 1,
"values": [1]
}
tracks/3/type = "value"
tracks/3/imported = false
tracks/3/enabled = true
tracks/3/path = NodePath("Sprite2D:frame")
tracks/3/interp = 1
tracks/3/loop_wrap = true
tracks/3/keys = {
"times": PackedFloat32Array(0, 0.1, 0.2),
"transitions": PackedFloat32Array(1, 1, 1),
"update": 1,
"values": [0, 1, 2]
}
tracks/4/type = "value"
tracks/4/imported = false
tracks/4/enabled = true
tracks/4/path = NodePath("Area_ataque/CollisionShape2D:disabled")
tracks/4/interp = 1
tracks/4/loop_wrap = true
tracks/4/keys = {
"times": PackedFloat32Array(0),
"transitions": PackedFloat32Array(1),
"update": 1,
"values": [true]
}

[sub_resource type="AnimationLibrary" id="AnimationLibrary_6aar8"]
_data = {
"RESET": SubResource("Animation_uj8we"),
"attack": SubResource("Animation_61jgp"),
"death": SubResource("Animation_nw5t2"),
"idle": SubResource("Animation_vqbhw"),
"take_hit": SubResource("Animation_hs3wn")
}

[sub_resource type="CapsuleShape2D" id="CapsuleShape2D_8v3nb"]
height = 46.0

[sub_resource type="RectangleShape2D" id="RectangleShape2D_pqtju"]
size = Vector2(50.6113, 21)

[node name="enemigo" type="CharacterBody2D"]
position = Vector2(50, -1)
script = ExtResource("1_3iaab")

[node name="CollisionShape2D" type="CollisionShape2D" parent="."]
position = Vector2(0, 3.5)
shape = SubResource("RectangleShape2D_k38k7")

[node name="Sprite2D" type="Sprite2D" parent="."]
texture = ExtResource("1_t3j1a")
hframes = 8
frame = 1

[node name="AnimationPlayer" type="AnimationPlayer" parent="."]
libraries = {
"": SubResource("AnimationLibrary_6aar8")
}
autoplay = "idle"

[node name="Area2D" type="Area2D" parent="."]

[node name="CollisionShape2D" type="CollisionShape2D" parent="Area2D"]
position = Vector2(-1, 4.76837e-07)
scale = Vector2(1.35867, 1.35867)
shape = SubResource("CapsuleShape2D_8v3nb")
disabled = true

[node name="Timer" type="Timer" parent="."]
wait_time = 0.21

[node name="Ray_L" type="RayCast2D" parent="."]
target_position = Vector2(-65, 0)

[node name="Ray_L2" type="RayCast2D" parent="."]
target_position = Vector2(-13, 0)

[node name="Ray_R2" type="RayCast2D" parent="."]
rotation = -3.14159
target_position = Vector2(-13, 0)

[node name="Ray_AI" type="RayCast2D" parent="."]
position = Vector2(-20, 26)
rotation = -1.57079
target_position = Vector2(-69, 0)

[node name="Ray_AD" type="RayCast2D" parent="."]
position = Vector2(20, 26)
rotation = -1.57079
target_position = Vector2(-69, 0)

[node name="Ray_R" type="RayCast2D" parent="."]
target_position = Vector2(65, 0)

[node name="Area_ataque" type="Area2D" parent="."]
position = Vector2(22, 1)

[node name="CollisionShape2D" type="CollisionShape2D" parent="Area_ataque"]
position = Vector2(-66, 2)
shape = SubResource("RectangleShape2D_pqtju")

[node name="Tiempo_de_ataque" type="Timer" parent="."]
one_shot = true

[connection signal="timeout" from="Timer" to="." method="_on_timer_timeout"]
[connection signal="timeout" from="Tiempo_de_ataque" to="." method="_on_tiempo_de_ataque_timeout"]
